%% This BibTeX bibliography file was created using BibDesk.
%% http://bibdesk.sourceforge.net/


%% Created for Silvan Spross at 2010-12-27 19:56:56 +0100 


%% Saved with string encoding Unicode (UTF-8) 



@misc{googletrends,
	Author = {Wikipedia},
	Date-Added = {2010-12-27 19:56:25 +0100},
	Date-Modified = {2010-12-27 19:56:55 +0100},
	Howpublished = {\url{http://de.wikipedia.org/wiki/Google_Insights_for_Search}},
	Month = {12},
	Title = {Google Trends},
	Year = {2010}}

@misc{github,
	Author = {Wikipedia},
	Date-Added = {2010-12-27 19:34:35 +0100},
	Date-Modified = {2010-12-27 19:35:09 +0100},
	Howpublished = {\url{http://de.wikipedia.org/wiki/GitHub}},
	Month = {09},
	Title = {GitHub},
	Year = {2010}}

@misc{ruby_frameworks,
	Author = {TechKnow},
	Date-Added = {2010-12-27 17:08:53 +0100},
	Date-Modified = {2010-12-27 17:10:22 +0100},
	Howpublished = {\url{http://juixe.com/techknow/index.php/2008/04/14/ruby-web-frameworks/}},
	Month = {04},
	Year = {2008}}

@misc{python_frameworks,
	Author = {ChrisMcDonough},
	Date-Added = {2010-12-27 17:04:03 +0100},
	Date-Modified = {2010-12-27 17:08:12 +0100},
	Howpublished = {\url{http://wiki.python.org/moin/WebFrameworks}},
	Month = {12},
	Title = {Popular Full-Stack Frameworks},
	Year = {2010}}

@misc{versionsverwaltung,
	Author = {Wikipedia},
	Date-Added = {2010-12-27 16:42:22 +0100},
	Date-Modified = {2010-12-27 16:42:53 +0100},
	Howpublished = {\url{http://de.wikipedia.org/wiki/Versionsverwaltung}},
	Month = {12},
	Title = {Versionsverwaltung},
	Year = {2010}}

@misc{programmiersprachen,
	Author = {Alvar Freude},
	Date-Added = {2010-12-27 16:39:33 +0100},
	Date-Modified = {2010-12-27 16:40:12 +0100},
	Howpublished = {\url{http://www.perl-blog.de/2008/02/programmiersprachen-vergleich-web.html}},
	Month = {02},
	Title = {Programmiersprachen f{\"u}r eine Webapplikation},
	Year = {2008}}

@misc{betriebssysteme,
	Author = {Wikipedia},
	Date-Added = {2010-12-27 16:31:10 +0100},
	Date-Modified = {2010-12-27 16:31:43 +0100},
	Howpublished = {\url{http://de.wikipedia.org/wiki/Betriebssystem}},
	Month = {12},
	Title = {Betriebssysteme},
	Year = {2010}}

@misc{wireframe,
	Author = {Wikipedia},
	Date-Added = {2010-12-26 18:58:11 +0100},
	Date-Modified = {2010-12-26 18:58:43 +0100},
	Howpublished = {\url{http://de.wikipedia.org/wiki/Wireframe}},
	Month = {10},
	Title = {Wireframe},
	Year = {2010}}

@misc{api,
	Author = {Wikipedia},
	Date-Added = {2010-12-26 18:23:26 +0100},
	Date-Modified = {2010-12-26 18:23:57 +0100},
	Howpublished = {\url{http://de.wikipedia.org/wiki/Application_Programming_Interface}},
	Month = {12},
	Title = {Application Programming Interface},
	Year = {2010}}

@misc{erm,
	Author = {Wikipedia},
	Date-Added = {2010-12-26 17:11:12 +0100},
	Date-Modified = {2010-12-26 17:11:43 +0100},
	Howpublished = {\url{http://de.wikipedia.org/wiki/Entity-Relationship-Modell}},
	Month = {12},
	Title = {ERM},
	Year = {2010}}

@misc{nutzwertanalyse,
	Author = {Wikipedia},
	Date-Added = {2010-12-26 16:54:24 +0100},
	Date-Modified = {2010-12-27 15:44:04 +0100},
	Howpublished = {\url{http://de.wikipedia.org/wiki/Nutzwertanalyse}},
	Month = {12},
	Title = {Nutzwertanalyse},
	Year = {2010}}

@misc{movie_informations,
	Author = {Google},
	Date-Added = {2010-12-26 14:07:25 +0100},
	Date-Modified = {2010-12-26 14:08:47 +0100},
	Howpublished = {\url{http://www.google.ch/search?q=movie+information}},
	Month = {12},
	Title = {Bekannteste Film Plattform},
	Year = {2010}}

@misc{hsz_reglement,
	Annote = {https://ebs.hsz-t.ch/files/ebs_files/Reglemente/Kreditsystem/Semesterarbeit/Reglement-Semesterarbeit_Studiengang-Informatik-der-HSZ-T_V3.7.pdf},
	Author = {Dr. Olaf Stern, Studienleiter Informatik},
	Date-Added = {2010-12-02 11:24:11 +0200},
	Date-Modified = {2010-12-15 11:49:18 +0100},
	Howpublished = {\url{https://ebs.hsz-t.ch/files/ebs_files/Reglemente/Kreditsystem/Semesterarbeit/Reglement-Semesterarbeit_Studiengang-Informatik-der-HSZ-T_V3.7.pdf}},
	Month = {Oktober},
	Title = {Reglement Semesterarbeit},
	Year = {2009}}

@misc{hsz_bewertungskriterien,
	Annote = {https://ebs.hsz-t.ch/files/ebs_files/Reglemente/Kreditsystem/Semesterarbeit/Bewertungskriterien-Semesterarbeit_V1.xls},
	Author = {Dr. Olaf Stern, Studienleiter Informatik},
	Date-Added = {2010-12-02 11:25:24 +0200},
	Date-Modified = {2010-12-15 11:49:08 +0100},
	Howpublished = {\url{https://ebs.hsz-t.ch/files/ebs_files/Reglemente/Kreditsystem/Semesterarbeit/Bewertungskriterien-Semesterarbeit_V1.xls}},
	Month = {Januar},
	Title = {Bewertungskriterien Semesterarbeit},
	Year = {2009}}

@misc{hsz_ablauf,
	Annote = {https://ebs.hsz-t.ch/files/ebs_files/Reglemente/Kreditsystem/Semesterarbeit/Ablauf-Semesterarbeit_Studiengang-Informatik-der-HSZ-T_V1.4.pdf},
	Author = {Dr. Olaf Stern, Studienleiter Informatik},
	Date-Added = {2010-12-02 11:28:33 +0200},
	Date-Modified = {2010-12-15 11:49:18 +0100},
	Howpublished = {\url{https://ebs.hsz-t.ch/files/ebs_files/Reglemente/Kreditsystem/Semesterarbeit/Ablauf-Semesterarbeit_Studiengang-Informatik-der-HSZ-T_V1.4.pdf}},
	Month = {Juni},
	Title = {Ablauf Semesterarbeit},
	Year = {2009}}
