%% This BibTeX bibliography file was created using BibDesk.
%% http://bibdesk.sourceforge.net/

%% Created for Silvan Spross at 2010-10-16 15:32:00 +0200 
%% Saved with string encoding Unicode (UTF-8) 

@misc{reglement,
	Annote = {https://ebs.hsz-t.ch/files/ebs_files/Reglemente/Kreditsystem/Semesterarbeit/Reglement-Semesterarbeit_Studiengang-Informatik-der-HSZ-T_V3.7.pdf},
	Author = {Dr. Olaf Stern, Studiengangsleiter Informatik},
	Date-Added = {2010-10-16 15:28:33 +0200},
	Date-Modified = {2010-10-16 15:30:22 +0200},
	Howpublished = {elektronisch},
	Month = {Oktober},
	Title = {Reglement Semesterarbeit},
	Year = {2009}}
	
@misc{bewertungskriterien,
	Annote = {https://ebs.hsz-t.ch/files/ebs_files/Reglemente/Kreditsystem/Semesterarbeit/Bewertungskriterien-Semesterarbeit_V1.xls},
	Author = {Dr. Olaf Stern, Studiengangsleiter Informatik},
	Date-Added = {2010-10-16 15:28:33 +0200},
	Date-Modified = {2010-10-16 15:30:22 +0200},
	Howpublished = {elektronisch},
	Month = {Januar},
	Title = {Bewertungskriterien Semesterarbeit},
	Year = {2009}}
